@misc{elo,
    title={Elo Rating System},
    howpublished={\url{https://en.wikipedia.org/wiki/Elo_rating_system}},
}

@misc{fifa,
    title={FIFA World Cup Rankings},
    howpublished={\url{https://en.wikipedia.org/wiki/FIFA_World_Rankings#Current_calculation_method}},
}

@misc{swiss,
    title={Swiss-system tournament},
    howpublished={\url{https://en.wikipedia.org/wiki/Swiss-system_tournament}},
}

@misc{chess,
    title={What is the Swiss System?},
    howpublished={\url{https://www.thesprucecrafts.com/the-swiss-system-611537}},
}